%%%% WARNING! AUTOMATICALLY CREATED BIBFILE
%%%% DO NOT EDIT! ALL CHANGES WILL BE LOST!

@STRING{acm     = "ACM Press" }
@STRING{aml     = "Archive of Mathematical Logic" }
@STRING{apal    = "Ann. Pure Appl. Logic" }
@STRING{carleton= "Carleton Scientific, Waterloo, ON, Canada" }
@STRING{csl00   = "Computer Science Logic, 14th Int. Wksh., CSL 2000, 9th
                  Annual Conf. of the EACSL" }
@STRING{csl99   = "Computer Science Logic, 13th Int. Wksh., CSL '99, 8th
                  Annual Conf. of the EACSL" }
@STRING{cttcs   = "Cambridge Tracts in Theoret. Comput. Sci." }
@STRING{cup     = "Cambridge University Press" }
@STRING{dagstuhl= "Schloss Dagstuhl" }
@STRING{fundinf = "Fundam. Inform." }
@STRING{icla17  = "Proc. of the 7th Indian Conference on Logic and Its
                  Applications" }
@STRING{infcomp = "Inf. Comput." }
@STRING{itrs00  = "Intersect. Types and Related Sys. (ITRS 2000), ICALP
                  Satellite Wksh." }
@STRING{jar     = "J. of Autom. Reasoning" }
@STRING{jsl     = "J. Symb. Logic" }
@STRING{lipics  = "Leibniz Int. Proc. in Informatics" }
@STRING{lncs    = "Lect. Notes in Comput. Sci." }
@STRING{mscs    = "Math. Struct. in Comput. Sci." }
@STRING{popl04  = "Proc. of the 31st {ACM} {S}ymp. on {P}rinciples of
                  {P}rogramming {L}anguages, {POPL} 2004" }
@STRING{rta00   = "Rewriting Techniques and Applications, RTA 2000, Norwich,
                  UK" }
@STRING{springer= "Springer" }
@STRING{tlca05  = "Proc. of the 7th Int. Conf. on Typed Lambda Calculi and
                  Applications, TLCA 2005" }
@STRING{types17 = "23rd Int. Conf. on Types for Proofs and Programs, TYPES
                  2017" }

@InProceedings{   joachimskiMatthes:rta00,
  author        = {Felix Joachimski and Ralph Matthes},
  title         = {Standardization and Confluence for a Lambda Calculus with
                  Generalized Applications},
  booktitle     = rta00,
  pages         = {141--155},
  year          = 2000,
  crossref      = {DBLP:conf/rta/2000},
  url           = {https://doi.org/10.1007/10721975\_10},
  doi           = {10.1007/10721975\_10},
  timestamp     = {Tue, 14 May 2019 10:00:46 +0200},
  biburl        = {https://dblp.org/rec/conf/rta/JoachimskiM00.bib},
  bibsource     = {dblp computer science bibliography, https://dblp.org}
}

@InProceedings{   vouillonMellies:semanticTypes,
  author        = {J\'er\^ome Vouillon and Paul-Andr\'e Melli\`es},
  title         = {Semantic Types: A Fresh Look at the Ideal Model for
                  Types},
  editor        = {Neil D. Jones and Xavier Leroy},
  booktitle     = popl04,
  year          = 2004,
  publisher     = acm,
  pages         = {52--63},
  url           = {https://doi.org/10.1145/964001.964006},
  doi           = {10.1145/964001.964006},
  timestamp     = {Tue, 06 Nov 2018 11:07:43 +0100},
  biburl        = {https://dblp.org/rec/conf/popl/VouillonM04.bib},
  bibsource     = {dblp computer science bibliography, https://dblp.org}
}

@InProceedings{   danosKrivine:csl00,
  author        = {Vincent Danos and Jean{-}Louis Krivine},
  editor        = {Peter Clote and Helmut Schwichtenberg},
  title         = {Disjunctive Tautologies as Synchronisation Schemes},
  booktitle     = csl00,
  series        = lncs,
  volume        = {1862},
  pages         = {292--301},
  publisher     = springer,
  year          = {2000},
  crossref      = {DBLP:conf/csl/2000},
  url           = {https://doi.org/10.1007/3-540-44622-2\_19},
  doi           = {10.1007/3-540-44622-2\_19},
  timestamp     = {Tue, 14 May 2019 10:00:42 +0200},
  biburl        = {https://dblp.org/rec/conf/csl/DanosK00.bib},
  bibsource     = {dblp computer science bibliography, https://dblp.org}
}

@Manual{          agda:261,
  title         = {Agda 2.6.1 documentation},
  author        = {{Agda developers}},
  year          = {2020},
  url           = "http://agda.readthedocs.io/en/v2.6.1/"
}

@Book{            MartinLoef84,
  author        = {Martin-L\"of, Per},
  title         = {Intuitionistic Type Theory},
  publisher     = {Bibliopolis},
  year          = 1984
}

@InProceedings{   geuversHurkens:icla17,
  author        = {Herman Geuvers and Tonny Hurkens},
  title         = {Deriving Natural Deduction Rules from Truth Tables},
  booktitle     = icla17,
  pages         = {123--138},
  year          = 2017,
  crossref      = {DBLP:conf/icla/2017},
  url           = {https://doi.org/10.1007/978-3-662-54069-5\_10},
  doi           = {10.1007/978-3-662-54069-5\_10},
  timestamp     = {Tue, 14 May 2019 10:00:37 +0200},
  biburl        = {https://dblp.org/rec/conf/icla/GeuversH17.bib},
  bibsource     = {dblp computer science bibliography, https://dblp.org}
}

@Article{         geuversGiessenHurkens:fundinf19,
  author        = {Herman Geuvers and Iris van der Giessen and Tonny
                  Hurkens},
  title         = {Strong Normalization for Truth Table Natural Deduction},
  journal       = fundinf,
  volume        = 170,
  number        = {1-3},
  pages         = {139--176},
  year          = 2019,
  url           = {https://doi.org/10.3233/FI-2019-1858},
  doi           = {10.3233/FI-2019-1858},
  timestamp     = {Sat, 26 Oct 2019 12:09:23 +0200},
  biburl        = {https://dblp.org/rec/journals/fuin/GeuversGH19.bib},
  bibsource     = {dblp computer science bibliography, https://dblp.org}
}

@InProceedings{   geuversHurkens:types17,
  author        = {Herman Geuvers and Tonny Hurkens},
  title         = {Proof Terms for Generalized Natural Deduction},
  booktitle     = types17,
  pages         = {3:1--3:39},
  year          = 2017,
  crossref      = {DBLP:conf/types/2017},
  url           = {https://doi.org/10.4230/LIPIcs.TYPES.2017.3},
  doi           = {10.4230/LIPIcs.TYPES.2017.3},
  timestamp     = {Tue, 11 Feb 2020 15:52:14 +0100},
  biburl        = {https://dblp.org/rec/conf/types/GeuversH17.bib},
  bibsource     = {dblp computer science bibliography, https://dblp.org}
}

@Article{         matthes:shortproofs,
  author        = {Felix Joachimski and Ralph Matthes},
  title         = {Short proofs of normalization for the simply-typed
                  lambda-calculus, permutative conversions and
                  {G}{\"{o}}del's {T}},
  journal       = aml,
  year          = 2003,
  volume        = 42,
  number        = 1,
  pages         = {59--87},
  url           = {https://doi.org/10.1007/s00153-002-0156-9},
  doi           = {10.1007/s00153-002-0156-9},
  timestamp     = {Sat, 27 May 2017 14:23:40 +0200},
  biburl        = {https://dblp.org/rec/bib/journals/aml/JoachimskiM03},
  bibsource     = {dblp computer science bibliography, https://dblp.org}
}

@Article{         matthes:classlog,
  author        = {Ralph Matthes},
  title         = {Non-Strictly Positive Fixed-Points for Classical Natural
                  Deduction},
  journal       = apal,
  year          = 2005,
  volume        = 133,
  number        = {1--3},
  pages         = {205--230},
  url           = {https://doi.org/10.1016/j.apal.2004.10.009},
  doi           = {10.1016/j.apal.2004.10.009},
  timestamp     = {Fri, 21 Feb 2020 21:18:08 +0100},
  biburl        = {https://dblp.org/rec/journals/apal/Matthes05.bib},
  bibsource     = {dblp computer science bibliography, https://dblp.org}
}

@InProceedings{   matthes:intersection,
  author        = {Ralph Matthes},
  title         = {Characterizing Strongly Normalizing Terms of a Calculus
                  with Generalized Applications via Intersection Types},
  booktitle     = itrs00,
  pages         = {339--354},
  year          = 2000,
  editor        = {Jos\'e D. P. Rolim and Andrei Z. Broder and Andrea
                  Corradini and Roberto Gorrieri and Reiko Heckel and Juraj
                  Hromkovic and Ugo Vaccaro and J. B. Wells},
  publisher     = carleton,
  timestamp     = {Sat, 04 Apr 2020 17:15:23 +0200},
  biburl        = {https://dblp.org/rec/conf/icalp/Matthes00.bib},
  bibsource     = {dblp computer science bibliography, https://dblp.org}
}

@Book{            girardLafontTaylor:proofsAndTypes,
  author        = {Jean-Yves Girard and Yves Lafont and Paul Taylor},
  title         = {Proofs and {T}ypes},
  publisher     = cup,
  year          = 1989,
  volume        = 7,
  series        = cttcs
}

@PhDThesis{       girard:thesis,
  author        = {Jean-Yves Girard},
  title         = {Interpr{\'e}tation fonctionnelle et {\'e}limination des
                  coupures dans l'arithm{\'e}tique d'ordre sup{\'e}rieur},
  school        = {Universit{\'e} de Paris VII},
  year          = 1972,
  type          = {Th{\`e}se de {D}octorat {d'{\'E}tat}}
}

@Article{         girard:locusSolum,
  author        = {Jean-Yves Girard},
  title         = {Locus Solum: From the rules of logic to the logic of
                  rules},
  journal       = mscs,
  volume        = 11,
  number        = 3,
  year          = 2001,
  pages         = {301--506},
  url           = {https://doi.org/10.1017/S096012950100336X},
  doi           = {10.1017/S096012950100336X},
  timestamp     = {Wed, 01 Apr 2020 08:48:47 +0200},
  biburl        = {https://dblp.org/rec/journals/mscs/Girard01.bib},
  bibsource     = {dblp computer science bibliography, https://dblp.org}
}

@Book{            birkhoff:latticeTheory,
  author        = {Garrett Birkhoff},
  title         = {Lattice Theory},
  publisher     = {Amer. Math. Soc.},
  year          = 1967,
  address       = {Providence, RI, USA},
  edition       = {3rd}
}

@PhDThesis{       abel:PhD,
  author        = {Andreas Abel},
  title         = {A Polymorphic Lambda-Calculus with Sized Higher-Order
                  Types},
  school        = {Ludwig-Maximilians-Universit\"at M\"unchen},
  year          = 2006
}

@Misc{            coq:8120,
  author        = {{Coq developers}},
  title         = {The {Coq} Proof Assistant, version 8.12.0},
  year          = 2019,
  doi           = {10.5281/zenodo.2554024},
  url           = {https://doi.org/10.5281/zenodo.2554024}
}

@Article{         david:normWithoutRed,
  author        = {Ren{\'e} David},
  title         = {Normalization without reducibility},
  journal       = apal,
  volume        = 107,
  number        = {1--3},
  year          = 2001,
  pages         = {121--130},
  url           = {https://doi.org/10.1016/S0168-0072(00)00030-0},
  doi           = {10.1016/S0168-0072(00)00030-0},
  timestamp     = {Wed, 17 May 2017 14:25:57 +0200},
  biburl        = {https://dblp.org/rec/bib/journals/apal/David01},
  bibsource     = {dblp computer science bibliography, https://dblp.org}
}

@InProceedings{   davidNour:tlca05,
  author        = {Ren{\'e} David and Karim Nour},
  title         = {Arithmetical Proofs of Strong Normalization Results for
                  the Symmetric lambda-mu-Calculus},
  editor        = {Pawel Urzyczyn},
  booktitle     = tlca05,
  publisher     = springer,
  series        = lncs,
  volume        = {3461},
  year          = {2005},
  pages         = {162--178},
  url           = {https://doi.org/10.1007/11417170\_13},
  doi           = {10.1007/11417170\_13},
  timestamp     = {Tue, 14 May 2019 10:00:41 +0200},
  biburl        = {https://dblp.org/rec/conf/tlca/DavidN05.bib},
  bibsource     = {dblp computer science bibliography, https://dblp.org}
}

@PhDThesis{       luo:thesis,
  author        = "Zhaohui Luo",
  title         = "ECC: {A}n {E}xtended {C}alculus of {C}onstructions",
  school        = "University of Edinburgh",
  year          = 1990,
  url           = {https://www.cs.rhul.ac.uk/home/zhaohui/ECS-LFCS-90-118.pdf}
}

@Article{         parigot:jsl97,
  author        = {Michel Parigot},
  title         = {Proofs of Strong Normalization for Second Order Classical
                  Natural Deduction},
  journal       = jsl,
  year          = 1997,
  volume        = 62,
  number        = 4,
  pages         = {1461--1479},
  url           = {https://doi.org/10.2307/2275652},
  doi           = {10.2307/2275652},
  timestamp     = {Sun, 28 May 2017 13:21:53 +0200},
  biburl        = {https://dblp.org/rec/journals/jsyml/Parigot97.bib},
  bibsource     = {dblp computer science bibliography, https://dblp.org}
}

@InProceedings{   parigot:lamsym,
  author        = {Michel Parigot},
  editor        = {Sanjiv Kapoor and Sanjiva Prasad},
  title         = {Strong Normalization of Second Order Symmetric
                  $\lambda$-Calculus},
  booktitle     = {FST TCS 2000: Foundations of Software Technology and
                  Theoretical Computer Science},
  pages         = {442--453},
  year          = 2000,
  volume        = 1974,
  series        = lncs,
  publisher     = springer,
  url           = {https://doi.org/10.1007/3-540-44450-5\_36},
  doi           = {10.1007/3-540-44450-5\_36},
  timestamp     = {Tue, 14 May 2019 10:00:51 +0200},
  biburl        = {https://dblp.org/rec/conf/fsttcs/Parigot00.bib},
  bibsource     = {dblp computer science bibliography, https://dblp.org}
}

@InProceedings{   alti:monadic,
  author        = {Thorsten Altenkirch and Bernhard Reus},
  title         = {Monadic Presentations of Lambda Terms Using Generalized
                  Inductive Types},
  booktitle     = csl99,
  pages         = {453--468},
  year          = 1999,
  editor        = {J{\"o}rg Flum and Mario Rodr{\'\i}guez-Artalejo},
  volume        = 1683,
  series        = lncs,
  publisher     = springer,
  crossref      = {DBLP:conf/csl/1999},
  url           = {https://doi.org/10.1007/3-540-48168-0_32},
  doi           = {10.1007/3-540-48168-0_32},
  timestamp     = {Wed, 24 May 2017 15:40:43 +0200},
  biburl        = {https://dblp.org/rec/bib/conf/csl/AltenkirchR99},
  bibsource     = {dblp computer science bibliography, https://dblp.org}
}

@Article{         deBruijn:nameless,
  author        = {N. G. de Bruijn},
  title         = {Lambda calculus notation with nameless dummies, a tool for
                  automatic formula manipulation, with application to the
                  {C}hurch-{R}osser theorem},
  journal       = {Indagationes Mathematicae},
  year          = 1972,
  volume        = 75,
  number        = 5,
  pages         = {381--392},
  issn          = {1385-7258},
  doi           = {10.1016/1385-7258(72)90034-0},
  url           = {http://www.sciencedirect.com/science/article/pii/1385725872900340}
}

@Article{         bentonHurKennedyMcBride:jar12,
  author        = {Nick Benton and Chung-Kil Hur and Andrew Kennedy and Conor
                  McBride},
  title         = {Strongly Typed Term Representations in {C}oq},
  journal       = jar,
  volume        = 49,
  number        = 2,
  year          = 2012,
  pages         = {141-159},
  url           = {https://doi.org/10.1007/s10817-011-9219-0},
  doi           = {10.1007/s10817-011-9219-0},
  timestamp     = {Sat, 20 May 2017 00:22:32 +0200},
  biburl        = {https://dblp.org/rec/bib/journals/jar/BentonHKM12},
  bibsource     = {dblp computer science bibliography, https://dblp.org}
}

@Article{         tarski:fixpoint,
  author        = {Alfred Tarski},
  title         = {A lattice-theoretical fixpoint theorem and its
                  applications},
  journal       = {Pacific Journal of Mathematics},
  year          = 1955,
  volume        = 5,
  pages         = {285--309}
}

@Article{         barbanera:lamsym,
  author        = {Franco Barbanera and Stefano Berardi},
  title         = {A Symmetric Lambda Calculus for Classical Program
                  Extraction},
  journal       = infcomp,
  year          = 1996,
  volume        = 125,
  number        = {2},
  pages         = {103--117},
  url           = {https://doi.org/10.1006/inco.1996.0025},
  doi           = {10.1006/inco.1996.0025},
  timestamp     = {Thu, 18 May 2017 09:54:17 +0200},
  biburl        = {https://dblp.org/rec/journals/iandc/BarbaneraB96.bib},
  bibsource     = {dblp computer science bibliography, https://dblp.org}
}

@Article{         pitts:mscs00,
  author        = {Andrew M. Pitts},
  title         = {Parametric polymorphism and operational equivalence},
  journal       = mscs,
  volume        = 10,
  number        = 3,
  year          = 2000,
  pages         = {321-359},
  url           = {http://journals.cambridge.org/action/displayAbstract?aid=44651},
  timestamp     = {Wed, 01 Apr 2020 08:48:42 +0200},
  biburl        = {https://dblp.org/rec/journals/mscs/Pitts00.bib},
  bibsource     = {dblp computer science bibliography, https://dblp.org}
}

@Article{         gentzen:natuerlichesSchliessen,
  author        = {Gerhard Gentzen},
  title         = {Untersuchungen {\"u}ber das logische {S}chlie{\ss}en},
  journal       = {Mathematische Zeitschrift},
  year          = 1935,
  volume        = 39,
  pages         = {176--210, 405--431},
  url           = {http://gdz.sub.uni-goettingen.de/}
}

@Article{         tait:functionalsFiniteTypeI,
  author        = {William W. Tait},
  title         = {Intensional Interpretations of Functionals of Finite Type
                  {I}},
  journal       = jsl,
  year          = 1967,
  volume        = 32,
  number        = 2,
  pages         = {198--212},
  url           = {https://doi.org/10.2307/2271658},
  doi           = {10.2307/2271658},
  timestamp     = {Sun, 28 May 2017 13:21:53 +0200},
  biburl        = {https://dblp.org/rec/bib/journals/jsyml/Tait67},
  bibsource     = {dblp computer science bibliography, https://dblp.org}
}

@InProceedings{   lindleyStark:tlca05,
  author        = {Sam Lindley and Ian Stark},
  editor        = {Pawel Urzyczyn},
  title         = {Reducibility and {$\top\top$}-Lifting for Computation
                  Types},
  booktitle     = tlca05,
  series        = lncs,
  volume        = 3461,
  pages         = {262--277},
  publisher     = springer,
  year          = 2005,
  url           = {https://doi.org/10.1007/11417170\_20},
  doi           = {10.1007/11417170\_20},
  timestamp     = {Tue, 14 May 2019 10:00:41 +0200},
  biburl        = {https://dblp.org/rec/conf/tlca/LindleyS05.bib},
  bibsource     = {dblp computer science bibliography, https://dblp.org}
}

@Proceedings{     DBLP:conf/types/2017,
  editor        = {Andreas Abel and Fredrik Nordvall Forsberg and Ambrus
                  Kaposi},
  title         = types17,
  series        = lipics,
  volume        = 104,
  publisher     = dagstuhl,
  year          = 2018,
  url           = {http://www.dagstuhl.de/dagpub/978-3-95977-071-2},
  timestamp     = {Fri, 11 Jan 2019 09:27:49 +0100},
  biburl        = {https://dblp.org/rec/bib/conf/types/2017},
  bibsource     = {dblp computer science bibliography, https://dblp.org}
}

@Proceedings{     DBLP:conf/rta/2000,
  editor        = {Leo Bachmair},
  title         = rta00,
  booktitle     = rta00,
  series        = lncs,
  volume        = 1833,
  publisher     = springer,
  year          = 2000,
  url           = {https://doi.org/10.1007/10721975},
  doi           = {10.1007/10721975},
  timestamp     = {Tue, 14 May 2019 10:00:46 +0200},
  biburl        = {https://dblp.org/rec/conf/rta/2000.bib},
  bibsource     = {dblp computer science bibliography, https://dblp.org}
}

@Proceedings{     DBLP:conf/csl/1999,
  editor        = {J{\"{o}}rg Flum and Mario Rodr{\'{\i}}guez{-}Artalejo},
  title         = csl99,
  series        = lncs,
  volume        = 1683,
  publisher     = springer,
  year          = 1999,
  url           = {https://doi.org/10.1007/3-540-48168-0},
  doi           = {10.1007/3-540-48168-0},
  timestamp     = {Wed, 24 May 2017 15:40:43 +0200},
  biburl        = {https://dblp.org/rec/bib/conf/csl/1999},
  bibsource     = {dblp computer science bibliography, https://dblp.org}
}

@Proceedings{     DBLP:conf/csl/2000,
  editor        = {Peter Clote and Helmut Schwichtenberg},
  title         = csl00,
  booktitle     = csl00,
  series        = lncs,
  volume        = 1862,
  publisher     = springer,
  year          = 2000,
  url           = {https://doi.org/10.1007/3-540-44622-2},
  doi           = {10.1007/3-540-44622-2},
  timestamp     = {Tue, 14 May 2019 10:00:42 +0200},
  biburl        = {https://dblp.org/rec/conf/csl/2000.bib},
  bibsource     = {dblp computer science bibliography, http://dblp.org}
}

@Proceedings{     DBLP:conf/icla/2017,
  editor        = {Sujata Ghosh and Sanjiva Prasad},
  title         = icla17,
  booktitle     = icla17,
  series        = lncs,
  volume        = 10119,
  publisher     = springer,
  year          = 2017,
  url           = {https://doi.org/10.1007/978-3-662-54069-5},
  doi           = {10.1007/978-3-662-54069-5},
  timestamp     = {Tue, 14 May 2019 10:00:37 +0200},
  biburl        = {https://dblp.org/rec/conf/icla/2017.bib},
  bibsource     = {dblp computer science bibliography, https://dblp.org}
}
