
@InProceedings{abel:types20post,
  author =       {Andreas Abel},
  title =        {On Model-Theoretic Strong Normalization for Truth-Table Natural Deduction},
  OPTcrossref =  {},
  OPTkey =       {},
  booktitle = {
Post-proceedings of the 26th International Conference on Types for Proofs and Programs (TYPES 2020)},
  year =      {2021},
  OPTeditor =    {},
  OPTvolume =    {},
  OPTnumber =    {},
  OPTseries =    {},
  OPTpages =     {},
  OPTmonth =     {},
  OPTaddress =   {},
  OPTorganization = {},
  publisher = {Schloss Dagstuhl - Leibniz-Zentrum f√ºr Informatik},
  OPTnote =      {},
  url =       {http://www.cse.chalmers.se/~abela/types20post.pdf},
  OPTpostscript = {},
  OPTpdf =       {},
  OPTdvi =       {},
  OPTabstract =  {}
}

@InBook{abel:types20post,
  ALTauthor =    {},
  ALTeditor =    {},
  title =        {},
  chapter =      {},
  publisher =    {},
  year =         {},
  OPTkey =       {},
  OPTvolume =    {},
  OPTnumber =    {},
  OPTseries =    {},
  OPTtype =      {},
  OPTaddress =   {},
  OPTedition =   {},
  OPTmonth =     {},
  OPTpages =     {},
  OPTnote =      {},
  OPTurl =       {},
  OPTpostscript = {},
  OPTpdf =       {},
  OPTdvi =       {},
  OPTabstract =  {}
}
