%%%% WARNING! AUTOMATICALLY CREATED BIBFILE
%%%% DO NOT EDIT! ALL CHANGES WILL BE LOST!

@STRING{apal    = "Annals of Pure and Applied Logic" }
@STRING{dagstuhl= "Schloss Dagstuhl -- Leibniz-Zentrum f{\"{u}}r Informatik" }
@STRING{fundinf = "Fundamenta Informaticae" }
@STRING{icla17  = "Logic and Its Applications - 7th Indian Conference, {ICLA}
                  2017, Kanpur, India, January 5-7, 2017, Proceedings" }
@STRING{lipics  = "Leibniz International Proceedings in Informatics" }
@STRING{lncs    = "Lecture Notes in Computer Science" }
@STRING{springer= "Springer" }
@STRING{types17 = "23rd International Conference on Types for Proofs and
                  Programs, {TYPES} 2017, May 29-June 1, 2017, Budapest,
                  Hungary" }

@InProceedings{   geuversHurkens:icla17,
  author        = {Herman Geuvers and Tonny Hurkens},
  title         = {Deriving Natural Deduction Rules from Truth Tables},
  booktitle     = icla17,
  pages         = {123--138},
  year          = 2017,
  crossref      = {DBLP:conf/icla/2017},
  url           = {https://doi.org/10.1007/978-3-662-54069-5\_10},
  timestamp     = {Tue, 14 May 2019 10:00:37 +0200},
  biburl        = {https://dblp.org/rec/conf/icla/GeuversH17.bib},
  bibsource     = {dblp computer science bibliography, https://dblp.org}
}

@Article{         geuversGiessenHurkens:fundinf19,
  author        = {Herman Geuvers and Iris van der Giessen and Tonny
                  Hurkens},
  title         = {Strong Normalization for Truth Table Natural Deduction},
  journal       = fundinf,
  volume        = 170,
  number        = {1-3},
  pages         = {139--176},
  year          = 2019,
  url           = {https://doi.org/10.3233/FI-2019-1858},
  timestamp     = {Sat, 26 Oct 2019 12:09:23 +0200},
  biburl        = {https://dblp.org/rec/journals/fuin/GeuversGH19.bib},
  bibsource     = {dblp computer science bibliography, https://dblp.org}
}

@InProceedings{   geuversHurkens:types17,
  author        = {Herman Geuvers and Tonny Hurkens},
  title         = {Proof Terms for Generalized Natural Deduction},
  booktitle     = types17,
  pages         = {3:1--3:39},
  year          = 2017,
  crossref      = {DBLP:conf/types/2017},
  url           = {https://doi.org/10.4230/LIPIcs.TYPES.2017.3},
  timestamp     = {Tue, 11 Feb 2020 15:52:14 +0100},
  biburl        = {https://dblp.org/rec/conf/types/GeuversH17.bib},
  bibsource     = {dblp computer science bibliography, https://dblp.org}
}

@Article{         matthes:classlog,
  author        = {Ralph Matthes},
  title         = {Non-Strictly Positive Fixed-Points for Classical Natural
                  Deduction},
  journal       = apal,
  year          = 2005,
  volume        = 133,
  number        = {1--3},
  pages         = {205--230},
  url           = {https://doi.org/10.1016/j.apal.2004.10.009},
  timestamp     = {Fri, 21 Feb 2020 21:18:08 +0100},
  biburl        = {https://dblp.org/rec/journals/apal/Matthes05.bib},
  bibsource     = {dblp computer science bibliography, https://dblp.org}
}

@InProceedings{   abel:types20post,
  author        = {Andreas Abel},
  title         = {On Model-Theoretic Strong Normalization for Truth-Table
                  Natural Deduction},
  optcrossref   = {},
  optkey        = {},
  booktitle     = { Post-proceedings of the 26th International Conference on
                  Types for Proofs and Programs (TYPES 2020)},
  year          = {2021},
  opteditor     = {},
  optvolume     = {},
  optnumber     = {},
  optseries     = {},
  optpages      = {},
  optmonth      = {},
  optaddress    = {},
  optorganization={},
  publisher     = {Schloss Dagstuhl - Leibniz-Zentrum für Informatik},
  optnote       = {},
  url           = {http://www.cse.chalmers.se/~abela/types20post.pdf},
  optpostscript = {},
  optpdf        = {},
  optdvi        = {},
  optabstract   = {}
}

@Unpublished{     geuversHurkens:addendumTypes17,
  author        = {Herman Geuvers and Tonny Hurkens},
  title         = {Addendum to “{Proof} terms for generalized natural
                  deduction”},
  note          = {Retrieved 2021-01-13},
  year          = 2020,
  url           = {http://www.cs.ru.nl/~herman/PUBS/addendum_to_TYPES.pdf}
}

@Proceedings{     DBLP:conf/types/2017,
  editor        = {Andreas Abel and Fredrik Nordvall Forsberg and Ambrus
                  Kaposi},
  title         = types17,
  series        = lipics,
  volume        = 104,
  publisher     = dagstuhl,
  year          = 2018,
  url           = {http://www.dagstuhl.de/dagpub/978-3-95977-071-2},
  timestamp     = {Fri, 11 Jan 2019 09:27:49 +0100},
  biburl        = {https://dblp.org/rec/bib/conf/types/2017},
  bibsource     = {dblp computer science bibliography, https://dblp.org}
}

@Proceedings{     DBLP:conf/icla/2017,
  editor        = {Sujata Ghosh and Sanjiva Prasad},
  title         = icla17,
  booktitle     = icla17,
  series        = lncs,
  volume        = 10119,
  publisher     = springer,
  year          = 2017,
  url           = {https://doi.org/10.1007/978-3-662-54069-5},
  timestamp     = {Tue, 14 May 2019 10:00:37 +0200},
  biburl        = {https://dblp.org/rec/conf/icla/2017.bib},
  bibsource     = {dblp computer science bibliography, https://dblp.org}
}
